@inproceedings{Wu:2022,
    booktitle = {Eurographics Symposium on Rendering},
    editor = {Ghosh, Abhijeet and Wei, Li-Yi},
    title = {{A Real-Time Adaptive Ray Marching Method for Particle-Based Fluid Surface Reconstruction}},
    author = {Wu, Tong and Zhou, Zhiqiang and Wang, Anlan and Gong, Yuning and Zhang, Yanci},
    year = {2022},
    publisher = {The Eurographics Association},
    ISSN = {1727-3463},
    ISBN = {978-3-03868-187-8},
    DOI = {10.2312/sr.20221157}
}

@incollection{Muller:2003,
	author = {M{\ifmmode\ddot{u}\else\"{u}\fi}ller, Matthias and Charypar, David and Gross, Markus},
	title = {{Particle-based fluid simulation for interactive applications}},
	booktitle = {{SCA '03: Proceedings of the 2003 ACM SIGGRAPH/Eurographics symposium on Computer animation}},
	pages = {154--159},
	year = {2003},
	month = jul,
	publisher = {Eurographics Association},
	address = {Goslar, DEU},
	doi = {10.5555/846276.846298}
}

@mastersthesis{Williams:2008,
	author = {Williams, Brent Warren},
	title = {{Fluid surface reconstruction from particles}},
	year = {2008},
	school = {University of British Columbia},
	doi = {10.14288/1.0051410}
}

@article{Monaghan:2005,
    author = {Monaghan, Joseph},
    year = {2005},
    month = {07},
    pages = {1703},
    title = {Smoothed Particle Hydrodynamics},
    volume = {68},
    journal = {Reports on Progress in Physics},
    doi = {10.1088/0034-4885/68/8/R01}
}

@inproceedings{Dinh:2001,
    author={Huong Quynh Dinh and Turk, G. and Slabaugh, G.},
    booktitle={Proceedings Eighth IEEE International Conference on Computer Vision. ICCV 2001},
    title={Reconstructing surfaces using anisotropic basis functions},
    year={2001},
    volume={2},
    number={},
    pages={606-613 vol.2},
    doi={10.1109/ICCV.2001.937682}
}

@article{Yu:2013,
    author = {Yu, Jihun and Turk, Greg},
    title = {Reconstructing Surfaces of Particle-Based Fluids Using Anisotropic Kernels},
    year = {2013},
    issue_date = {January 2013},
    publisher = {Association for Computing Machinery},
    address = {New York, NY, USA},
    volume = {32},
    number = {1},
    issn = {0730-0301},
    url = {https://doi.org/10.1145/2421636.2421641},
    doi = {10.1145/2421636.2421641},
    journal = {ACM Trans. Graph.},
    articleno = {5},
    numpages = {12}
}

@article{Ihmsen:2012,
	author = {Ihmsen, Markus and Akinci, Nadir and Akinci, Gizem and Teschner, Matthias},
	title = {{Unified spray, foam and air bubbles for particle-based fluids}},
	journal = {Vis. Comput.},
	volume = {28},
	number = {6},
	pages = {669--677},
	year = {2012},
	publisher = {Springer-Verlag},
	doi = {10.1007/s00371-012-0697-9}
}

@article{Phong:1975,
    author = {Phong, Bui Tuong},
    title = {Illumination for Computer Generated Pictures},
    year = {1975},
    issue_date = {June 1975},
    publisher = {Association for Computing Machinery},
    address = {New York, NY, USA},
    volume = {18},
    number = {6},
    issn = {0001-0782},
    url = {https://doi.org/10.1145/360825.360839},
    doi = {10.1145/360825.360839},
    journal = {Commun. ACM},
    pages = {311–317},
    numpages = {7}
}

@inproceedings{Ummenhofer:2020,
	author = {Ummenhofer, Benjamin and Prantl, Lukas and Thuerey, Nils and Koltun, Vladlen},
	title = {{Lagrangian Fluid Simulation with Continuous Convolutions}},
	year = {2020},
	month = mar,
	note = {Published as a conference paper at ICLR 2020}
}

@inproceedings{VanDerLaan:2009,
    author = {van der Laan, Wladimir J. and Green, Simon and Sainz, Miguel},
    title = {Screen Space Fluid Rendering with Curvature Flow},
    year = {2009},
    isbn = {9781605584294},
    publisher = {Association for Computing Machinery},
    address = {New York, NY, USA},
    url = {https://doi.org/10.1145/1507149.1507164},
    doi = {10.1145/1507149.1507164},
    booktitle = {Proceedings of the 2009 Symposium on Interactive 3D Graphics and Games},
    pages = {91–98},
    numpages = {8},
    keywords = {real-time, rendering, noise, foam, curvature flow, fluid, SPH, GPU, screen-space},
    location = {Boston, Massachusetts},
    series = {I3D '09}
}

@inproceedings{Koren:2003,
    author={Koren, Y. and Carmel, L.},
    booktitle={IEEE Symposium on Information Visualization 2003 (IEEE Cat. No.03TH8714)},
    title={Visualization of labeled data using linear transformations},
    year={2003},
    volume={},
    number={},
    pages={121-128},
    doi={10.1109/INFVIS.2003.1249017}
}

@article{Koschier:2019,
	author = {Koschier, Dan and Bender, Jan and Solenthaler, Barbara and Teschner, Matthias},
	title = {{Smoothed Particle Hydrodynamics Techniques for the Physics Based Simulation of Fluids and Solids}},
	journal = {The Eurographics Association},
	year = {2019},
	publisher = {The Eurographics Association},
	url = {https://diglib.eg.org/handle/10.2312/egt20191035},
	urldate = {2022-11-29}
}

%% ONLINE

@online{Green:2010,
    autor = {Green, Simon},
    title = {{Screen Space Fluid Rendering for Games}},
	year = {2010},
	month = mar,
	urldate = {2022-11-27},
	url = {https://developer.download.nvidia.com/presentations/2010/gdc/Direct3D_Effects.pdf}
}

@online{Eigen,
	title = {{Eigen}},
	urldate = {2022-11-27},
	url = {https://gitlab.com/libeigen/eigen}
}

@online{CompactNSearch,
	author = {Koschier, Dan},
	title = {{CompactNSearch}},
	urldate = {2022-11-27},
	url = {https://github.com/InteractiveComputerGraphics/CompactNSearch}
}

@online{ImGui,
	author = {Cornut, Omar},
	title = {{ImGui}},
	urldate = {2022-11-27},
	url = {https://github.com/ocornut/imgui}
}

@online{Partio,
	title = {{Partio}},
	author = {Walt Disney Animation Studios},
	urldate = {2022-11-27},
	url = {http://partio.us}
}

@online{SplishSplash,
	author = {Bender, Jan},
	title = {{SPlisHSPlasH}},
	urldate = {2022-11-27},
	url = {https://github.com/InteractiveComputerGraphics/SPlisHSPlasH}
}

@online{ZCurve,
	title = {{Four-level Z - Wikimedia Commons}},
	year = {2008},
	month = apr,
	author = {Eppstein, David},
	urldate = {2022-11-29},
	url = {https://commons.wikimedia.org/wiki/File:Four-level_Z.svg}
}
